<?xml version="1.0" encoding="UTF-8"?>
<record xmlns="http://www.loc.gov/MARC21/slim" xmlns:xsi="http://www.w3.org/2001/XMLSchema-instance" xsi:schemaLocation="http://www.loc.gov/MARC21/slim http://www.loc.gov/standards/marcxml/schema/MARC21slim.xsd">
<leader>00000cam a22      a 4500</leader>
<controlfield tag="001">001681853</controlfield>
<controlfield tag="003">NNU</controlfield>
<controlfield tag="005">20160120165100.0</controlfield>
<controlfield tag="008">831226s1943    ua b     b    000 0 ara d</controlfield>
<datafield tag="010" ind1=" " ind2=" ">
<subfield code="a">   76971264</subfield>
</datafield>
<datafield tag="035" ind1=" " ind2=" ">
<subfield code="a">(OCoLC)21713655</subfield>
</datafield>
<datafield tag="037" ind1=" " ind2=" ">
<subfield code="b">George's Bookshop, P.O. Box 220, Cairo, Egypt</subfield>
</datafield>
<datafield tag="040" ind1=" " ind2=" ">
<subfield code="a">CUY</subfield>
<subfield code="b">eng</subfield>
<subfield code="c">CUY</subfield>
<subfield code="d">OCLCQ</subfield>
<subfield code="d">OCLCF</subfield>
<subfield code="d">OCLCQ</subfield>
<subfield code="d">OCLCO</subfield>
<subfield code="d">NNU</subfield>
</datafield>
<datafield tag="050" ind1=" " ind2="4">
<subfield code="a">VK15</subfield>
<subfield code="b">.F34 1943</subfield>
</datafield>
<datafield tag="100" ind1="1" ind2=" ">
<subfield code="6">880-01</subfield>
<subfield code="a">Fawzī, Ḥusayn.</subfield>
</datafield>
<datafield tag="245" ind1="1" ind2="0">
<subfield code="6">880-02</subfield>
<subfield code="a">Ḥadīth al-Sindibād al-qadīm /</subfield>
<subfield code="c">[taʹlīf] Ḥusayn Fawzī.</subfield>
</datafield>
<datafield tag="260" ind1=" " ind2=" ">
<subfield code="6">880-03</subfield>
<subfield code="a">Al-Qāhirah :</subfield>
<subfield code="b">Maṭbaʻat Lajnat al-Taʹlīf wa-al-Tarjamah wa-al-Nashr,</subfield>
<subfield code="c">1943.</subfield>
</datafield>
<datafield tag="300" ind1=" " ind2=" ">
<subfield code="a">13, 375 pages :</subfield>
<subfield code="b">maps ;</subfield>
<subfield code="c">24 cm</subfield>
</datafield>
<datafield tag="336" ind1=" " ind2=" ">
<subfield code="a">text</subfield>
<subfield code="b">txt</subfield>
<subfield code="2">rdacontent</subfield>
</datafield>
<datafield tag="337" ind1=" " ind2=" ">
<subfield code="a">unmediated</subfield>
<subfield code="b">n</subfield>
<subfield code="2">rdamedia</subfield>
</datafield>
<datafield tag="338" ind1=" " ind2=" ">
<subfield code="a">volume</subfield>
<subfield code="b">nc</subfield>
<subfield code="2">rdacarrier</subfield>
</datafield>
<datafield tag="504" ind1=" " ind2=" ">
<subfield code="a">Includes bibliographical references (pages 367-375).</subfield>
</datafield>
<datafield tag="650" ind1=" " ind2="0">
<subfield code="a">Navigation</subfield>
<subfield code="x">History.</subfield>
</datafield>
<datafield tag="650" ind1=" " ind2="0">
<subfield code="a">Voyages and travels</subfield>
<subfield code="x">History.</subfield>
</datafield>
<datafield tag="650" ind1=" " ind2="7">
<subfield code="a">Navigation.</subfield>
<subfield code="2">fast</subfield>
<subfield code="0">(OCoLC)fst01035085</subfield>
</datafield>
<datafield tag="650" ind1=" " ind2="7">
<subfield code="a">Voyages and travels.</subfield>
<subfield code="2">fast</subfield>
<subfield code="0">(OCoLC)fst01169308</subfield>
</datafield>
<datafield tag="655" ind1=" " ind2="7">
<subfield code="a">History.</subfield>
<subfield code="2">fast</subfield>
<subfield code="0">(OCoLC)fst01411628</subfield>
</datafield>
<datafield tag="776" ind1="0" ind2="8">
<subfield code="i">Online version:</subfield>
<subfield code="a">Fawzī, Ḥusayn.</subfield>
<subfield code="t">Ḥadīth al-Sindibād al-qadīm.</subfield>
<subfield code="d">[Al-Qāhirah, Maṭbaʻat Lajnat al-Taʹlīf wa-al-Tarjamah wa-al-Nashr, 1943]</subfield>
<subfield code="w">(OCoLC)700326401</subfield>
</datafield>
<datafield tag="880" ind1="1" ind2=" ">
<subfield code="6">100-01/</subfield>
<subfield code="a">فوزي، حسين.</subfield>
</datafield>
<datafield tag="880" ind1="1" ind2="0">
<subfield code="6">245-02/</subfield>
<subfield code="a">حديث السندباد القديم /</subfield>
<subfield code="c">[تأليف] حسين فوزي.</subfield>
</datafield>
<datafield tag="880" ind1=" " ind2=" ">
<subfield code="6">260-03/</subfield>
<subfield code="a">القاهرة :</subfield>
<subfield code="b">مطبعة لجنة التأليف والترجمة والنشر،</subfield>
<subfield code="c">1943.</subfield>
</datafield>
<datafield tag="OWN" ind1=" " ind2=" ">
<subfield code="a">GENERAL</subfield>
</datafield>
<datafield tag="AVA" ind1=" " ind2=" ">
<subfield code="a">NYU50</subfield>
<subfield code="b">BOBST</subfield>
<subfield code="c">Main Collection</subfield>
<subfield code="d">VK15 .F34</subfield>
<subfield code="e">unavailable</subfield>
<subfield code="t">Unavailable</subfield>
<subfield code="f">1</subfield>
<subfield code="g">1</subfield>
<subfield code="h">N</subfield>
<subfield code="i">0</subfield>
<subfield code="j">MAIN</subfield>
<subfield code="k">0</subfield>
</datafield>
</record>
